<?xml version="1.0" encoding="UTF-8"?><collection xmlns="http://www.loc.gov/MARC21/slim"><record><leader>00401nam--2200121-i-4500</leader><controlfield tag="001">000027732</controlfield><controlfield tag="002">20161230</controlfield><controlfield tag="005">20161230201036</controlfield><controlfield tag="008">060222s1000------------r-----000-0-eng-d</controlfield><datafield ind1=" " ind2=" " tag="100"><subfield code="a">Kristal, M.M.And Shvartz, G.L</subfield></datafield><datafield ind1=" " ind2=" " tag="245"><subfield code="a">Corrosion of chemical apparatus. corrosion cracking and methods of protection against. trans.from russian</subfield></datafield><datafield ind1=" " ind2=" " tag="260"><subfield code="a">New York, Consultants Bureau, 1959, Iv + 250p</subfield></datafield><datafield ind1=" " ind2=" " tag="852"><subfield code="a">15361</subfield></datafield></record></collection>